% Examples from https://verbosus.com/bibtex-style-examples.html
@ARTICLE{Article,
  author   = {Peter Adams},
  title    = {The title of the work},
  journal  = {The name of the journal},
  year     = {1993},
  number   = {2},
  pages    = {201-213},
  month    = {7},
  volume   = {4},
  hyphenation = {english}
}

@BOOK{Book,
  author    = {Peter Babington}, 
  title     = {The title of the work},
  publisher = {The name of the publisher},
  year      = {1993},
  volume    = {4},
  series    = {10},
  address   = {The address},
  edition   = {3},
  month     = {7},
  pagetotal = {255},
  isbn      = {3257227892},
  hyphenation  = {english}
}

@BOOKLET{Booklet,
  title        = {The title of the work},
  author       = {Peter Caxton}, 
  address      = {The address of the publisher},
  month        = {7},
  year         = {1993},
  pagetotal = {255},
  hyphenation     = {english}
}

@CONFERENCE{Conference,
  author       = {Peter Draper}, 
  title        = {The title of the work},
  booktitle    = {The title of the book},
  year         = {1993},
  editor       = {The editor},
  volume       = {4},
  series       = {5},
  pagetotal = {255},
  address      = {The address of the publisher},
  month        = {7},
  organization = {The organization},
  publisher    = {The publisher},
  hyphenation     = {english}
}

@INBOOK{Inbook,
  author       = {Peter Eston},
  title        = {The title of the work},
  booktitle    = {Book title},
  chapter      = {8},
  pages        = {201-213},
  publisher    = {The name of the publisher},
  year         = {1993},
  volume       = {4},
  series       = {5},
  address      = {The address of the publisher},
  edition      = {3},
  month        = {7},
  hyphenation     = {english}
}

@INCOLLECTION{Incollection,
  author       = {Peter Farindon},
  title        = {The title of the work},
  booktitle    = {The title of the book},
  publisher    = {The name of the publisher},
  year         = {1993},
  editor       = {The editor},
  volume       = {4},
  series       = {5},
  chapter      = {8},
  pages        = {201-213},
  address      = {The address of the publisher},
  edition      = {3},
  month        = {7},
  hyphenation     = {english}
}

@MANUAL{Manual,
  title        = {The title of the work},
  author       = {Peter Gainsford}, 
  organization = {The organization},
  address      = {The address of the publisher},
  edition      = {3},
  month        = {7},
  year         = {1993},
  pagetotal = {255},
  hyphenation     = {english}
}

@MASTERSTHESIS{Mastersthesis,
  author       = {Peter Harwood},
  title        = {The title of the work},
  school       = {The school where the thesis was written},
  year         = {1993},
  address      = {The address of the publisher},
  month        = {7},
  pagetotal = {255},
  hyphenation     = {english}
}

@MISC{Misc,
  author       = {Peter Isley},
  title        = {The title of the work},
  month        = {7},
  year         = {1993},
  pagetotal = {255},
  hyphenation     = {english}
}

@PHDTHESIS{Phdthesis,
  author       = {Peter Joslin}, 
  title        = {The title of the work},
  school       = {The school where the thesis was written},
  science =      {PhD in Engineering},
  year         = {1993},
  address      = {The address of the publisher},
  month        = {7},
  pagetotal = {255},
  hyphenation     = {english}
}

@PROCEEDINGS{Proceedings,
  title        = {The title of the work},
  year         = {1993},
  editor       = {Peter Kidwelly},
  volume       = {4},
  series       = {5},
  address      = {The address of the publisher},
  month        = {7},
  pagetotal = {255},
  organization = {The organization},
  publisher    = {The name of the publisher},
  hyphenation     = {english}
}

@TECHREPORT{Techreport,
  author       = {Peter Lambert},
  title        = {The title of the work},
  institution  = {The institution that published},
  year         = {1993},
  number       = {2},
  address      = {The address of the publisher},
  month        = {7},
  pagetotal = {255},
  hyphenation     = {english}
}

@UNPUBLISHED{Unpublished,
  author       = {Peter Marcheford}, 
  title        = {The title of the work},
  month        = {7},
  year         = {1993},
  pagetotal = {255},
  hyphenation     = {english}
}

@Book{badiou:briefings,
  title =        {Briefings on Existence},
  subtitle =     {A Short Treatise on Transitory Ontology},
  author =       {Badiou, Alain},
  year =         2006,
  translator =   {Norman Madarasz},
  editor =       {Norman Madarasz},
  introduction = {Norman Madarasz},
  isbn =         {978-0-7914-6803-6},
  url =          {https://books.google.ru/books?id=7HNkAT\_NFksC},
  publisher =    {SUNY Press},
  location =     {NY},
  pagetotal = {190},
  origlanguage = {french},
  language =     {english},
  langid =       {english},
  urldate= {2017-12-05}
}
@BOOK{tanen_distr,
  title =        {Распределенные системы: принципы и парадигмы},
  author =       {Таненбаум, Э. and Стеен, М.},
  year =         2020,
  isbn =         {978-5-97060-708-4},
  publisher =    {ДМК Пресс},
  pagetotal = {584},
  origlanguage = {english},
  language =     {russian},
  langid =       {russian},
  hyphenation =  {russian}
}


@BOOK{mayer_big_data,
  title =        {Большие данные: Революция, которая изменит как мы живем, работаем и мыслим},
  author =       {Майер-Шенбергер, В. and Кукьер, К.},
  translator =   {Гайдюка, И.},
  year =         2015,
  isbn =         {978-5-00057-011-7},
  publisher =    {МИФ},
  location = {Москва},
  pagetotal = {240},
  origlanguage = {english},
  language =     {russian},
  langid =       {russian},
  hyphenation =  {russian}
}

@Book{barr_big_data,
  title =        {Данные – новая нефть: как управлять цифровыми активами и извлекать из них максимальную пользу},
  author =       {Барр, М. and Эллиот, Г.},
  year =         2022,
  isbn =         {978-5-04-119234-5},
  publisher =    {Эксмо},
  pagetotal = {288},
  origlanguage = {russian},
  language =     {russian},
  langid =       {russian},
  hyphenation =  {russian}
}

@Book{hambl_cicd,
  title =        {Непрерывная поставка: Надежная автоматизация сборки, тестирования и развертывания программного обеспечения},
  author =       {Хамбл, Д. and Фарли, П.},
  year =         2011,
  isbn =         {978-5-8459-1739-3},
  location = {Москва},
  publisher =    {Вильямс},
  pagetotal = {432},
  origlanguage = {english},
  language =     {russian},
  langid =       {russian},
  hyphenation =  {russian}
}

@Book{ulman,
  title =        {Компиляторы: принципы, технологии и инструменты },
  author =       {Ульман, Д. and Сети, Р. and Ахо, А.},
  year =         2003,
  isbn =         {5-8459-0189-8},
  location = {Москва},
  publisher =    {Вильямс},
  pagetotal = {768},
  origlanguage = {english},
  language =     {russian},
  langid =       {russian},
  hyphenation =  {russian}
}


@Book{morris_infra,
  title =        {Инфраструктура как код: управление серверами в облаке},
  author =       {Моррис, М. and Киф, М.},
  year =         2017,
  isbn =         {978-5-496-02653-1},
  location = {Санкт-Петербург},
  publisher =    {Питер},
  pagetotal = {336},
  origlanguage = {english},
  language =     {russian},
  langid =       {russian},
}

@Book{narkhede_kafka,
  title =        {Kafka: The Definitive Guide: Real-Time Data and Stream Processing at Scale},
  author =       {Narkhede, N. and Shapira, G. and Palino, T.},
  edition =      {2nd},
  year =         {2021},
  isbn =         {978-1492042218},
  publisher =    {O'Reilly Media},
  location =     {Sebastopol, CA},
  pagetotal =    {464},
  origlanguage = {english},
  language =     {english},
  langid =       {english},
}

@Online{json_schema,
  title =        {JSON Schema},
  author =       {JSON Schema Organization},
  url =          {https://json-schema.org/specification.html},
  urldate =      {2025-05-04},
  language =     {english},
  hyphenation =  {english},
}

@Online{smartdata_2024,
  title =        {SmartData 2024: The State of Data, RU Edition},
  url =          {https://smartdataconf.ru/archive/2024/talks/726ec3f588224d9998a189429f4dcebe},
  urldate =      {2025-09-09},
  language =     {russian},
  hyphenation =  {russian},
}

@Book{laney_3d_data_management,
  title =        {3D Data Management: Controlling Data Volume, Velocity, and Variety},
  author =       {Laney, D.},
  year =         {2001},
  publisher =    {META Group (Gartner)},
  origlanguage = {english},
  language =     {english},
  langid =       {english},
  hyphenation =  {russian}
}

@Book{white_hadoop,
  title =        {Hadoop: The Definitive Guide},
  author =       {White, T.},
  edition =      {4th},
  year =         {2015},
  publisher =    {O'Reilly Media},
  origlanguage = {english},
  language =     {english},
  langid =       {english},
  hyphenation =  {russian}
}

@Book{siegel_predictive_analytics,
  title =        {Predictive Analytics: The Power to Predict Who Will Click, Buy, Lie, or Die},
  author =       {Siegel, E.},
  edition =      {Revised and Updated},
  year =         {2016},
  origlanguage = {english},
  language =     {english},
  langid =       {english},
  hyphenation =  {russian}
}

@Article{korenkov_bec,
  title =        {Распределенная система для обработки, хранения и анализа экспериментальных данных Большого адронного коллайдера},
  author =       {Кореньков, В.В.},
  year =         {2012},
  language =     {russian},
  langid =       {russian},
  hyphenation =  {russian}
}

@Article{davenport_data_scientist,
  title =        {Data Scientist: The Sexiest Job of the 21st Century},
  author =       {Davenport, T. H. and Patil, D. J.},
  journal =      {Harvard Business Review},
  volume =       {90},
  number =       {10},
  pages =        {70-76},
  year =         {2012},
  language =     {english},
  langid =       {english},
  hyphenation =  {russian}
}

@Online{postgresql,
  title =        {Документация PostgreSQL},
  url =          {https://www.postgresql.org},
  urldate =      {2025-05-08},
  hyphenation =  {russian},
  language =     {russian},
  langid =       {russian},
}

@Online{acid,
  title =        {Википедия ACID},
  url =          {https://en.wikipedia.org/wiki/ACID},
  urldate =      {2025-05-04},
  hyphenation =  {russian},
  language =     {russian},
  langid =       {russian},
}

@Online{northwind,
  title =        {Northwind sample database for postgres},
  url =          {https://github.com/pthom/northwind_psql},
  urldate =      {2025-05-04},
  hyphenation =  {russian},
  language =     {russian},
  langid =       {russian},
}

@Online{chinook,
  title =        {Chinook sample database for postgres},
  url =          {https://github.com/josemguerra/Postgres-sql-Chinook},
  urldate =      {2025-05-04},
  hyphenation =  {russian},
  language =     {russian},
  langid =       {russian},
}

@Online{cdc,
  title =        {Википедия Change Data Capture},
  url =          {https://en.wikipedia.org/wiki/Change_data_capture},
  urldate =      {2025-05-04},
  language =     {english},
  hyphenation =  {russian},
}

@Online{s3,
  title =        {Amazon Web Services: Что такое объектное хранилище},
  url =          {https://aws.amazon.com/ru/what-is/object-storage/},
  urldate =      {2025-05-04},
  medium = {Электронный ресурс},
  language =     {russian},
  hyphenation =  {russian},
}

@Online{data_lake,
  title =        {Azure Microsoft: Что такое озеро данных},
  url =          {https://azure.microsoft.com/ru-ru/resources/cloud-computing-dictionary/what-is-a-data-lake},
  urldate =      {2025-05-04},
  language =     {russian},
  hyphenation =  {russian},
}

@Online{kafka,
  title =        {Документация Kafka},
  url =          {https://kafka.apache.org/intro},
  urldate =      {2025-05-04},
  medium = {Электронный ресурс},
  hyphenation =  {russian},
  language =     {russian},
  langid =       {russian},
}

@Online{akhq,
  title =        {Документация AKHQ},
  url =          {https://akhq.io},
  urldate =      {2025-05-04},
  language =     {russian},
  hyphenation =  {russian},
}

@Online{kafka_connect,
  title =        {Документация Kafka Connect},
  url =          {https://docs.confluent.io/platform/current/connect/index.html},
  urldate =      {2025-05-04},
  language =     {russian},
  hyphenation =  {russian},
}

@Online{debezium,
  title =        {Документация Debezium},
  url =          {https://debezium.io/documentation/reference/stable/index.html},
  urldate =      {2025-05-04},
  language =     {russian},
  hyphenation =  {russian},
}

@Online{clickhouse,
  title =        {Документация ClickHouse},
  url =          {https://clickhouse.com},
  urldate =      {2025-05-04},
  medium = {Электронный ресурс},
  language =     {russian},
  hyphenation =  {russian},
  langid =       {russian},
}

@Online{olap,
  title =        {Википедия OLAP},
  url =          {https://en.wikipedia.org/wiki/Online_analytical_processing},
  urldate =      {2025-05-04},
  language =     {russian},
  hyphenation =  {russian}
}

@Online{superset,
  title =        {Документация Superset},
  url =          {https://superset.apache.org},
  urldate =      {2025-05-04},
  medium = {Электронный ресурс},
  language =     {russian},
  hyphenation =  {russian},
}

@Online{k8s,
  title =        {Документация Kubernetes},
  url =          {https://kubernetes.io/docs/home/},
  urldate =      {2025-05-04},
  medium = {Электронный ресурс},
  language =     {english},
  hyphenation =  {russian},
}

@Online{ci_cd,
  title =        {CI/CD},
  url =          {https://en.wikipedia.org/wiki/CI/CD},
  urldate =      {2025-05-04},
  language =     {russian},
  hyphenation =  {russian},
  langid =       {russian},
}

@Online{yaml,
  title =        {Википедия YAML},
  url =          {https://en.wikipedia.org/wiki/YAML},
  urldate =      {2025-05-04},
  language =     {russian},
  hyphenation =  {russian},
  langid =       {russian},
}

@Online{antlr_lab,
  title =        {ANTLR Lab: learn, test, and experiment with ANTLR grammars online!},
  url =          {http://lab.antlr.org},
  urldate =      {2024-05-29},
  language =     {english},
  hyphenation =  {english},
}

@Online{yc,
  title =        {Облачная платформа Yandex Cloud},
  url =          {https://yandex.cloud/ru/data-platform},
  urldate =      {2025-05-25},
  language =     {russion},
  hyphenation =  {russion},
  langid =       {russion},
}

@Online{vk_cloud,
  title =        {Облачная платформа VK Cloud},
  url =          {https://cloud.vk.com/cloud-platform/},
  urldate =      {2025-05-25},
  language =     {russion},
  hyphenation =  {russion},
  langid =       {russion},
}

@Online{arenadata,
  title =        {Платформа данных Arenadata},
  url =          {https://arenadata.tech/products/},
  urldate =      {2025-05-25},
  language =     {russion},
  hyphenation =  {russion},
  langid =       {russion},
}

@Online{cedrus,
  title =        {Облачный провайдер аналитики CedrusData},
  url =          {https://www.cedrusdata.ru},
  urldate =      {2025-05-25},
  language =     {russion},
  hyphenation =  {russion},
  langid =       {russion},
}

@Book{novikov_grammatik,
  title =        {Грамматики и автоматы},
  author =       {Новиков, Ф. А.},
  year =         {2023},
  language =     {russian},
  langid =       {russian},
  langid =       {russian},
}

@article{Naidenova2017,
author={Naidenova, X. and Buzmakov, A. and Parkhomenko, V. and Schukin, A.},
title={Notes on relation between symbolic classifiers},
journal={CEUR Workshop Proceedings},
year={2017},
volume={1921},
pages={88--103},
editor={Watson B.W., Kuznetsov S.O.},
publisher={CEUR-WS},
  hyphenation     = {english},
abbrev_source_title={CEUR Workshop Proc.},
document_type={Conference Paper},
source={Scopus},
url={http://ceur-ws.org/Vol-1921/paper9.pdf},
  urldate= {2017-12-19}
}

@BOOK{Ganter1999,
  author = {Ganter, B and Wille, R},
  title = {Formal concept analysis: mathematical foundations},
  year = {1999},
  publisher = {Springer, Berlin},
  pagetotal = {284},
  hyphenation     = {english}
}


%%thesis entry defided as phdthesis for all puroses
@thesis{Peskov2004,
 author = {Peskov, Nickolay Vladimirovich},
 title = {Searching for informative fragments of object descriptions in the recognition tasks},
 year = {2004},
 pagetotal = {102},
 location       = {M.},
  hyphenation     = {english},
  langid={english},
  language={english},
  note = {in Russian},
  type =         {phdthesis},
  science =      {cand. phys.-math. sci.},
  specialitycode ={05.13.17}
}


@thesis{Peskov2004-ru,
 author = {Песков, Николай Владимирович},
 title = {Поиск информативных фрагментов описаний объектов в задачах распознавания},
 year = {2004},
 pagetotal = {102},
 location       = {М.},
  hyphenation     = {russian},
  langid={russian},
  language={russian},
  type =         {phdthesis},
  science =      {канд. физ.-мат. наук},
  specialitycode ={05.13.17}
}

@Online{spbpu-gallery,
  title= {SPbPU photo gallery},
  url =          {http://www.spbstu.ru/media/photo-gallery/},
  urldate =      {2019-03-06},
  hyphenation =     {english},
  
}

@Online{spbpu-bci-template,
  title= {SPbPU-BCI-template},
  url =          {https://github.com/ParkhomenkoV/SPbPU-BCI-template},
  urldate =      {2019-03-06},
  hyphenation =     {english}
}

@Online{spbpu-bci-template-author-guide,
  title= {Author and editor guide to prepare and submit the academic SPbPU editions to Clarivate Analytics: Book Citation Index Web of Science},
  author = {Parkhomenko, V. and Piskun, O. and Shvetsov, K. and Schukin, A.},
  url =          {https://github.com/ParkhomenkoV/SPbPU-BCI-template/blob/master/Author_guide_SPbPU-BCI.pdf},
  urldate =      {2019-03-06},
  year = {2018},
  hyphenation =     {english}
}

@Online{spbpu-bci-template-zip,
  title= {Zip archive of SPbPU-BCI-template},
  url =          {https://github.com/ParkhomenkoV/SPbPU-BCI-template/archive/master.zip},
  urldate =      {2019-03-06},
  hyphenation =     {english}
}

@Online{spbpu-bci-template-issues,
  title= {Issues of the SPbPU-BCI-template project},
  url =          {https://github.com/ParkhomenkoV/SPbPU-BCI-template/issues},
  urldate =      {2019-03-06},
  hyphenation =     {english}
}

@Online{spbpu-student-thesis-specification,
  title= {Положение о порядке проведения государственной итоговой аттестации по образовательным программам высшего образования --- программам бакалавриата, программам специалитета и программам магистратуры (в редакции приказа от 03.05.2018 № 946)},
  url =          {https://dep.spbstu.ru/userfiles/files/prev/docs/for_students/gia_03_05_2018.pdf},
  urldate =      {2019-03-06},
  year = {2018},
  hyphenation =     {russian}
}


@Online{spbpu-student-thesis-template,
  title= {SPbPU-student-thesis-template},
  url =          {https://github.com/ParkhomenkoV/SPbPU-student-thesis-template},
  urldate =      {2019-03-06},
  hyphenation =     {english}
}

@Online{spbpu-vkr-sumbission,
  title= {Модуль публикации ВКР и научных докладов СПбПУ},
  url =          {http://vkr.spbstu.ru/},
  urldate =      {2019-03-06},
  hyphenation =     {russian}
}

@Online{kspt-templates-thesis,
  title= {KSPT-templates-thesis},
  url =          {https://gitlab.com/kspt-templates/thesis},
  urldate =      {2019-03-06},
  hyphenation =     {english}
}

@Online{kspt-templates-presentation,
  title= {KSPT-templates-presentation},
  url =          {https://gitlab.com/kspt-templates/presentation},
  urldate =      {2019-03-06},
  hyphenation =     {english}
}

@Online{kspt-templates-report,
  title= {KSPT-templates-report},
  url =          {https://gitlab.com/kspt-templates/report},
  urldate =      {2019-03-06},
  hyphenation =     {english}
}

@Reference{gost-russian-thesises,
heading = {ГОСТ Р 7.0.11--2011},
title = {Система стандартов по информации, библиотечному и издательскому делу. Диссертация и автореферат диссертации. Структура и правила оформления},
media = {text},
specdata = {Введ. 13.12.11},
location = {М.},
publisher = {Стандартинформ},
year = {2012},
pagetotal = {12},
series = {Национальный стандарт Российской Федерации},
hyphenation = {russian}
}

@Reference{gost-russian-bibliography-reference,
heading = {ГОСТ Р 7.0.5--2008},
title = {Система стандартов по информации, библиотечному и издательскому делу. Библиографическая ссылка. Общие требования и правила оформления},
media = {text},
specdata = {Введ. 28.04.08},
location = {М.},
publisher = {Стандартинформ},
year = {2008},
pagetotal = {41},
series = {Национальный стандарт Российской Федерации},
hyphenation = {russian}
}


@Reference{gost-russian-text-documents,
title = {Единая система конструкторской документации. Общие требования к текстовым документам},
media = {text},
subtitle = {ГОСТ 2.105--95},
specdata = {Взамен ГОСТ 2.105–-79, ГОСТ 2.906–-71~; введ. 1996–-07–-01},
location = {Минск~: Межгос. совет по стандартизации, метрологии и сертификации},
year = {2002},
pagetotal = {31},
series = {Межгосударственный стандарт},
hyphenation = {russian}
}

@Book{avtonomova:fya,
author = {Н. С. Автономова},
title = {Философский язык Жака Деррида},
year = {2011},
publisher = {Российская политическая энциклопедия (РОССПЭН)},
location = {М.},
isbn = {978-5-8243-1618-6},
series = {Российские Пропилеи},
pagetotal = {510},
hyphenation = {russian}
}



@Online{spbpu-student-thesis-template-author-guide,
  title= {Руководство студента СПбПУ по~подготовке выпускной квалификационной работы и сопутствующих документов с~помощью LaTeX},
  author = {Пархоменко, В. A. and Загороднюк, О. В. and Дробинцев, П. Д. and Ицыксон, В. М. and  Щукин, А. В.},
  url =          {https://github.com/ParkhomenkoV/SPbPU-student-thesis-template/blob/master/Author_guide_SPbPU-student-thesis.pdf},
  urldate =      {2019-03-06},
  year = {2018},
  hyphenation =     {russian}
}

@Online{spbpu-student-thesis-template-zip,
  title= {Zip archive of SPbPU-student-thesis-template},
  url =          {https://github.com/ParkhomenkoV/SPbPU-student-thesis-template/archive/master.zip},
  urldate =      {2019-03-06},
  hyphenation =     {english}
}

@Online{spbpu-student-thesis-template-issues,
  title= {Issues of the SPbPU-student-thesis-template project},
  url =          {https://github.com/ParkhomenkoV/SPbPU-student-thesis-template/issues},
  urldate =      {2019-03-06},
  hyphenation =     {english}
}

@Online{site-table-generator,
  title= {LaTeX Tables Generator},
  url =          {https://www.tablesgenerator.com/latex_tables},
  urldate =      {2019-03-06},
  hyphenation =     {english}
}

@Online{site-mathpix,
  title= {Mathpix. Extract LaTeX from PDFs or handwritten notes in seconds},
  url =          {https://mathpix.com/},
  urldate =      {2019-03-06},
  hyphenation =     {english}
}


@Online{ca-pr,
  title= {Publisher Relations of Clarivate Analytics},
  url =          {https://clarivate.com/products/publisher-relations/},
  urldate =      {2019-03-06},
  hyphenation =     {english}
}

@Online{ca-wos-bci,
  title= {The Selection Process for the Book Citation Index in Web Of Science},
  author={Testa, James},
  url =          {https://clarivate.com/essays/selection-process-book-citation-index-web-science/},
  urldate =      {2019-03-06},
  hyphenation =     {english}
}


@Online{latex-texstudio,
  title= {TeXstudio web site},
  url =          {https://www.texstudio.org/},
  urldate =      {2019-03-06},
  hyphenation =     {english}
}

@Online{latex-miktex,
  title= {MiKTeX web site},
  url =          {https://miktex.org/},
  urldate =      {2019-03-06},
  hyphenation =     {english}
}


@Online{latex-texlive,
  title= {TeX Live web site},
  url =          {https://www.tug.org/texlive/},
  urldate =      {2025-01-30},
  hyphenation =     {english}
}



@Online{reviewing-easychair,
  title= {EasyChair web site},
  url =          {http://easychair.org/},
  urldate =      {2019-03-06},
  hyphenation =     {english}
}

@Online{latex-coursera,
  title= {Introduction to LaTeX},
  author = {Fedorovykh, Danil},
  url =          {https://www.coursera.org/learn/latex},
  urldate =      {2019-03-06},
  hyphenation =     {english}
}

@Online{overleaf-IEEE,
  title= {Gallery Overleaf Items tagged IEEE},
  url =          {https://www.overleaf.com/gallery/tagged/ieee},
  urldate =      {2019-03-06},
  hyphenation =     {english}
}

@Online{site-IEEE-article-templates,
  title= {IEEE Article Templates},
  url =          {https://journals.ieeeauthorcenter.ieee.org/create-your-ieee-journal-article/authoring-tools-and-templates/ieee-article-templates/},
  urldate =      {2019-03-06},
  hyphenation =     {english}
}


@Online{site-IEEE-conference-templates,
  title= {Manuscript Templates for Conference Proceedings},
  url =          {https://www.ieee.org/conferences/publishing/templates.html},
  urldate =      {2019-03-06},
  hyphenation =     {english}
}

@Online{overleaf-Elsevier,
  title= {Gallery Overleaf Items tagged Elsevier},
  url =          {https://www.overleaf.com/gallery/tagged/elsevier},
  urldate =      {2019-03-06},
  hyphenation =     {english}
}

@Online{ctan-elsarticle,
  title= {The elsarticle class --- Class for articles for submission to Elsevier journals},
  url =          {https://ctan.org/pkg/elsarticle},
  author = {Radhakrishnan, C. V. and Pepping, Simon and Ruck, Martin},
  urldate =      {2019-03-06},
  hyphenation =     {english}
}

@Online{overleaf-Springer,
  title= {Gallery Overleaf Items tagged Springer},
  url =          {https://www.overleaf.com/gallery/tagged/springer},
  urldate =      {2019-03-06},
  hyphenation =     {english}
}

@Online{site-Springer-LNCS,
  title= {Information for Authors of Springer Computer Science Proceedings},
  url =          {https://www.springer.com/gp/computer-science/lncs/conference-proceedings-guidelines},
  urldate =      {2019-03-06},
  hyphenation =     {english}
}


@Book{Kotelnikov2004,
  title= {LaTeX in Russian},
  author = {Kotelnikov, I. A. and Chebotaev, P. Z.},
  url =          {http://www.tex.uniyar.ac.ru/doc/kotelnikovchebotaev2004b.pdf},
  urldate =      {2019-03-06},
  edition = {3},
  year = {2004},
  hyphenation =     {english},
  location = {Novosibirsk},
  publisher = {Sibiskiy Hronograph},
  note = {in Russian},
  pagetotal = {496}
}

@Book{Kotelnikov2004-ru,
  title= {LaTeX по-русски},
  author = {Котельников, И. А. and Чеботаев, П. З.},
  url =          {http://www.tex.uniyar.ac.ru/doc/kotelnikovchebotaev2004b.pdf},
  urldate =      {2019-03-06},
  edition = {3},
  year = {2004},
  hyphenation =     {russian},
  location = {Новосибирск},
  publisher = {Сибирский Хронограф},
  pagetotal = {496}
}



@Book{Lvovsky2004,
  title= {Typesetting and preparing in the LATEX system},
  author = {Lvovsky, S. M.},
  url =          {ftp://ftp.mccme.ru/pub/tex/lvovsky-newbook/pdf.zip},
  urldate =      {2019-03-06},
  edition = {3},
  year = {2003},
  pagetotal = {448},
  hyphenation =     {english}
}


@Online{ctan-memoir,
  title= {The memoir class},
  url =          {https://ctan.org/pkg/memoir},
  author = {Madsen, Lars and Wilson, P. R.},
  urldate =      {2019-03-06},
  hyphenation =     {english}
}

@Online{cand-doct-templates,
  title= {Russian-Phd-LaTeX-Dissertation-Template},
  url = {https://github.com/AndreyAkinshin/Russian-Phd-LaTeX-Dissertation-Template},
  author = {Akinshin, A. and et.al},
  urldate =      {2019-03-06},
  hyphenation =     {english}
}


@Online{latex-stack,
  title= {TeX --- LaTeX Stack Exchange},
  url =          {https://tex.stackexchange.com/},
  urldate =      {2019-03-06},
  hyphenation =     {english}
}

@Online{stack-why-latex,
  title= {Why should I use LaTeX?},
  url =          {https://tex.stackexchange.com/questions/1756/why-should-i-use-latex},
  urldate =      {2019-03-06},
  hyphenation =     {english}
}

@Online{site-git,
  title= {Git web site},
  url =          {https://git-scm.com/downloads},
  urldate =      {2019-03-06},
  hyphenation =     {english}
}

@Online{ctan,
  title= {The Comprehensive TEX Archive Network},
  url =          {https://ctan.org},
  urldate =      {2019-03-06},
  hyphenation =     {english}
}

@Online{scopus-submission,
  title= {Scopus title suggestion},
  url =          {http://suggestor.step.scopus.com/suggestTitle/step1.cfm},
  urldate =      {2019-03-06},
  hyphenation =     {english}
}

@Online{mendeley-web-importer,
  title= {Mendeley Web Importer},
  url =          {https://www.mendeley.com/reference-management/web-importer},
  urldate =      {2019-03-06},
  hyphenation =     {english}
}

@Online{google-scholar,
  title= {Google Scholar},
  url =          {https://scholar.google.com/},
  urldate =      {2019-03-06},
  hyphenation =     {english}
}



@Online{ctan-biblatex-gost,
  title= {BibLATEX support for GOST standard bibliographies},
  url =          {https://ctan.org/pkg/biblatex-gost},
  author = {Domanov, Oleg},
  urldate =      {2019-03-06},
  hyphenation =     {english}
}




@Online{ctan-biblatex-gost-examples,
  title= {Biblatex-GOST examples},
  url =          {http://ctan.altspu.ru/macros/latex/contrib/biblatex-contrib/biblatex-gost/doc/biblatex-gost-examples.pdf},
  author = {Domanov, Oleg},
  urldate =      {2019-03-06},
  hyphenation =     {english}
}


@Online{ctan-layouts,
  title= {The layouts package},
  url =          {https://ctan.org/pkg/layouts},
  author = {Robertson, Will and Wilson, P. R.},
  urldate =      {2019-03-06},
  hyphenation =     {english}
}


@Online{spbpu-brandbook,
  title= {The SPbPU brandbook},
  url =          {http://www.spbstu.ru/university/organizational-documents/corporate-identity/},
  urldate =      {2019-03-06},
  hyphenation =     {english}
}


@Online{spbpu-doi-centre,
  title= {The national centre for the identification of scientific data},
  url =          {http://doi.spbstu.ru/ru/},
  urldate =      {2019-03-06},
  hyphenation =     {english}
}


@Online{ctan-tikz,
  title= {The TikZ and PGF packages},
  url =          {https://ctan.org/pkg/pgf},
  author = {Feuersanger, Christian and Tantau, Till},
  urldate =      {2019-03-06},
  hyphenation =     {english}
}


@Online{ctan-algorithm2e,
  title= {The algorithm2e package},
  url =          {https://ctan.org/pkg/algorithm2e},
  author = {Fiorio, Christophe},
  urldate =      {2019-03-06},
  hyphenation =     {english}
}

@Online{ctan-makeidx,
  title= {The makeidx package},
  url =          {https://ctan.org/pkg/makeidx},
  urldate =      {2019-03-06},
  hyphenation =     {english}
}

@Online{gosstat,
  title= {Сайт Федеральной службы государственной статистики},
  url =          {http://www.gks.ru/},
  urldate =      {2019-03-06},
  hyphenation =     {russian}
}


@Online{uci,
  title= {The UC Irvine Machine Learning Repository},
  url =          {http://archive.ics.uci.edu/ml},
  urldate =      {2019-03-06},
  hyphenation =     {english}
}